@BOOK{sedgewick_wayne_2016, 
    place={Boston}, 
    title={Computer science: an interdisciplinary approach}, 
    publisher={Addison-Wesley}, 
    author={Sedgewick, Robert and Wayne, Kevin}, 
    year={2016}
}